<?xml version="1.0" encoding="UTF-8"?><collection xmlns="http://www.loc.gov/MARC21/slim"><record><leader>00584nam--2200181-i-4500</leader><controlfield tag="001">000036018</controlfield><controlfield tag="002">20161230</controlfield><controlfield tag="005">20161230201040</controlfield><controlfield tag="008">060222s1000------------r-----000-0-eng-d</controlfield><datafield ind1=" " ind2=" " tag="020"><subfield code="a">0851863221</subfield></datafield><datafield ind1=" " ind2=" " tag="040"><subfield code="a">IFIN-HH</subfield></datafield><datafield ind1=" " ind2=" " tag="080"><subfield code="a">539.143.43(082.1)</subfield></datafield><datafield ind1="1" ind2=" " tag="100"><subfield code="a">Abraham, R.J</subfield></datafield><datafield ind1="1" ind2="0" tag="245"><subfield code="a">Nuclear magnetic resonance</subfield><subfield code="b">Vol.8: a review of the literature published between june 1977 and may 1979</subfield><subfield code="c">R.j. abraham (senior reporter)</subfield></datafield><datafield ind1=" " ind2=" " tag="260"><subfield code="a">London</subfield><subfield code="b">The Chemical Society</subfield><subfield code="c">1979</subfield></datafield><datafield ind1=" " ind2=" " tag="490"><subfield code="a">A Specialist Periodical Report</subfield></datafield><datafield ind1=" " ind2=" " tag="852"><subfield code="a">39939</subfield><subfield code="c">539.143.43</subfield></datafield><datafield ind1=" " ind2=" " tag="CAT"><subfield code="a">Sys</subfield><subfield code="c">20120508</subfield><subfield code="h">172332</subfield></datafield></record></collection>